<?xml version="1.0" encoding="UTF-8"?><collection xmlns="http://www.loc.gov/MARC21/slim"><record><leader>00450nam--2200169-i-4500</leader><controlfield tag="001">000020323</controlfield><controlfield tag="002">20161230</controlfield><controlfield tag="005">20170102230124</controlfield><controlfield tag="008">060222s1000------------r-----000-0-eng-d</controlfield><datafield ind1=" " ind2=" " tag="080"><subfield code="a">550.367</subfield></datafield><datafield ind1=" " ind2=" " tag="100"><subfield code="a">Enachescu, Denis</subfield></datafield><datafield ind1=" " ind2=" " tag="245"><subfield code="a">Procese nestationare de redistribuire a energiei in crusta terestra</subfield></datafield><datafield ind1=" " ind2=" " tag="260"><subfield code="a">Bucuresti</subfield><subfield code="b">Editura Tehnica</subfield><subfield code="c">1985</subfield></datafield><datafield ind1=" " ind2=" " tag="300"><subfield code="a">323 p</subfield></datafield><datafield ind1=" " ind2=" " tag="700"><subfield code="a">Albu, Marius</subfield></datafield><datafield ind1=" " ind2=" " tag="852"><subfield code="a">72299</subfield></datafield><datafield ind1=" " ind2=" " tag="CAT"><subfield code="a">SYS</subfield><subfield code="c">20170102</subfield><subfield code="h">230124</subfield></datafield></record></collection>